<?xml version="1.0" encoding="UTF-8"?>
<marc:record xmlns:marc="http://www.loc.gov/MARC21/slim" xmlns:xsi="http://www.w3.org/2001/XMLSchema-instance" xsi:schemaLocation="http://www.loc.gov/standards/marcxml/schema/MARC21slim.xsd">
  <marc:controlfield tag="001">pe30020642</marc:controlfield>
  <marc:controlfield tag="003">DE-633</marc:controlfield>
  <marc:controlfield tag="005">20190213134744.0</marc:controlfield>
  <marc:controlfield tag="008">161109n|||||||a||| a</marc:controlfield>
  <marc:datafield tag="024" ind1="7" ind2=" ">
    <marc:subfield code="a">34623675</marc:subfield>
    <marc:subfield code="2">VIAF</marc:subfield>
  </marc:datafield>
  <marc:datafield tag="024" ind1="7" ind2=" ">
    <marc:subfield code="a">119092786</marc:subfield>
    <marc:subfield code="2">DNB</marc:subfield>
  </marc:datafield>
  <marc:datafield tag="024" ind1="7" ind2=" ">
    <marc:subfield code="a">MUSV022777</marc:subfield>
    <marc:subfield code="2">ICCU</marc:subfield>
  </marc:datafield>
  <marc:datafield tag="024" ind1="7" ind2=" ">
    <marc:subfield code="a">Q1622085</marc:subfield>
    <marc:subfield code="2">WKP</marc:subfield>
  </marc:datafield>
  <marc:datafield tag="040" ind1=" " ind2=" ">
    <marc:subfield code="a">DE-633</marc:subfield>
  </marc:datafield>
  <marc:datafield tag="042" ind1=" " ind2=" ">
    <marc:subfield code="a">individualized</marc:subfield>
  </marc:datafield>
  <marc:datafield tag="043" ind1=" " ind2=" ">
    <marc:subfield code="c">XA-PL</marc:subfield>
  </marc:datafield>
  <marc:datafield tag="100" ind1="1" ind2=" ">
    <marc:subfield code="a">Dobrzyński, Ignacy Feliks</marc:subfield>
    <marc:subfield code="d">1807-1867</marc:subfield>
    <marc:subfield code="y">25.02.1807-09.10.1867</marc:subfield>
  </marc:datafield>
  <marc:datafield tag="375" ind1=" " ind2=" ">
    <marc:subfield code="a">male</marc:subfield>
  </marc:datafield>
  <marc:datafield tag="500" ind1="1" ind2=" ">
    <marc:subfield code="a">Dobrzyński, Bronisław</marc:subfield>
    <marc:subfield code="i">father of</marc:subfield>
    <marc:subfield code="0">41013925</marc:subfield>
  </marc:datafield>
  <marc:datafield tag="500" ind1="1" ind2=" ">
    <marc:subfield code="a">Dobrzyńska, Maria</marc:subfield>
    <marc:subfield code="i">father of</marc:subfield>
    <marc:subfield code="0">41014964</marc:subfield>
  </marc:datafield>
  <marc:datafield tag="550" ind1=" " ind2=" ">
    <marc:subfield code="a">Composer</marc:subfield>
  </marc:datafield>
  <marc:datafield tag="550" ind1=" " ind2=" ">
    <marc:subfield code="a">Conductor</marc:subfield>
  </marc:datafield>
  <marc:datafield tag="550" ind1=" " ind2=" ">
    <marc:subfield code="a">Music critic</marc:subfield>
  </marc:datafield>
  <marc:datafield tag="550" ind1=" " ind2=" ">
    <marc:subfield code="a">Music teacher</marc:subfield>
  </marc:datafield>
  <marc:datafield tag="550" ind1=" " ind2=" ">
    <marc:subfield code="a">Performer</marc:subfield>
  </marc:datafield>
  <marc:datafield tag="550" ind1=" " ind2=" ">
    <marc:subfield code="a">Pianist</marc:subfield>
  </marc:datafield>
  <marc:datafield tag="550" ind1=" " ind2=" ">
    <marc:subfield code="a">Promoter</marc:subfield>
  </marc:datafield>
  <marc:datafield tag="550" ind1=" " ind2=" ">
    <marc:subfield code="a">Writer on music</marc:subfield>
  </marc:datafield>
  <marc:datafield tag="551" ind1=" " ind2=" ">
    <marc:subfield code="a">Romanow</marc:subfield>
    <marc:subfield code="i">go</marc:subfield>
  </marc:datafield>
  <marc:datafield tag="551" ind1=" " ind2=" ">
    <marc:subfield code="a">Warszawa</marc:subfield>
    <marc:subfield code="i">so</marc:subfield>
  </marc:datafield>
  <marc:datafield tag="551" ind1=" " ind2=" ">
    <marc:subfield code="a">Berlin</marc:subfield>
    <marc:subfield code="i">wo</marc:subfield>
  </marc:datafield>
  <marc:datafield tag="551" ind1=" " ind2=" ">
    <marc:subfield code="a">Romanow</marc:subfield>
    <marc:subfield code="i">wo</marc:subfield>
  </marc:datafield>
  <marc:datafield tag="551" ind1=" " ind2=" ">
    <marc:subfield code="a">Vinnytsia</marc:subfield>
    <marc:subfield code="i">wo</marc:subfield>
  </marc:datafield>
  <marc:datafield tag="551" ind1=" " ind2=" ">
    <marc:subfield code="a">Warszawa</marc:subfield>
    <marc:subfield code="i">wo</marc:subfield>
  </marc:datafield>
  <marc:datafield tag="670" ind1=" " ind2=" ">
    <marc:subfield code="a">DEUMM/b</marc:subfield>
    <marc:subfield code="b">Dobrzyński, Ignacy Feliks [1807-1867]</marc:subfield>
    <marc:subfield code="w">1577</marc:subfield>
  </marc:datafield>
  <marc:datafield tag="670" ind1=" " ind2=" ">
    <marc:subfield code="a">EM/b</marc:subfield>
    <marc:subfield code="b">Dobrzyński, Ignacy Feliks [1807-1867]</marc:subfield>
    <marc:subfield code="w">1793</marc:subfield>
  </marc:datafield>
  <marc:datafield tag="670" ind1=" " ind2=" ">
    <marc:subfield code="a">EitnerQ</marc:subfield>
    <marc:subfield code="b">Dobrzynski, Ignaz Felix [19.sc]</marc:subfield>
    <marc:subfield code="w">1272</marc:subfield>
  </marc:datafield>
  <marc:datafield tag="670" ind1=" " ind2=" ">
    <marc:subfield code="a">EitnerQ</marc:subfield>
    <marc:subfield code="b">vide 3, 219</marc:subfield>
    <marc:subfield code="w">1272</marc:subfield>
  </marc:datafield>
  <marc:datafield tag="670" ind1=" " ind2=" ">
    <marc:subfield code="a">Grove|6</marc:subfield>
    <marc:subfield code="b">Dobrzyński, Ignacy Feliks [1807-1867]</marc:subfield>
    <marc:subfield code="w">1258</marc:subfield>
  </marc:datafield>
  <marc:datafield tag="670" ind1=" " ind2=" ">
    <marc:subfield code="a">Grove|7</marc:subfield>
    <marc:subfield code="b">Dobrzyński, Ignacy Feliks [1807-1867]</marc:subfield>
    <marc:subfield code="w">3072</marc:subfield>
  </marc:datafield>
  <marc:datafield tag="670" ind1=" " ind2=" ">
    <marc:subfield code="a">GroveMO</marc:subfield>
    <marc:subfield code="b">Dobrzyński, Ignacy Feliks [1807-1867]</marc:subfield>
    <marc:subfield code="w">41000731</marc:subfield>
  </marc:datafield>
  <marc:datafield tag="670" ind1=" " ind2=" ">
    <marc:subfield code="a">MGG suppl.</marc:subfield>
    <marc:subfield code="b">Dobrzyński, Ignacy Feliks [1807-1867]</marc:subfield>
    <marc:subfield code="w">2495</marc:subfield>
  </marc:datafield>
  <marc:datafield tag="670" ind1=" " ind2=" ">
    <marc:subfield code="a">MGG|2/p</marc:subfield>
    <marc:subfield code="b">Dobrzyński, Ignacy Feliks [1807-1867]</marc:subfield>
    <marc:subfield code="w">3828</marc:subfield>
  </marc:datafield>
  <marc:datafield tag="670" ind1=" " ind2=" ">
    <marc:subfield code="a">MGG Online</marc:subfield>
    <marc:subfield code="b">Dobrzyński, Ignacy Feliks [1807-1867]</marc:subfield>
    <marc:subfield code="w">41000733</marc:subfield>
  </marc:datafield>
  <marc:datafield tag="670" ind1=" " ind2=" ">
    <marc:subfield code="a">RiemannL|1|2/p suppl.</marc:subfield>
    <marc:subfield code="b">Dobrzyński, Ignacy Feliks [1807-1867]</marc:subfield>
    <marc:subfield code="w">2496</marc:subfield>
  </marc:datafield>
  <marc:datafield tag="670" ind1=" " ind2=" ">
    <marc:subfield code="a">RiemannL|1|2/p</marc:subfield>
    <marc:subfield code="b">Dobrzyński, Ignacy Feliks [1807-1867]</marc:subfield>
    <marc:subfield code="w">408</marc:subfield>
  </marc:datafield>
  <marc:datafield tag="670" ind1=" " ind2=" ">
    <marc:subfield code="a">RiemannL|1|3</marc:subfield>
    <marc:subfield code="b">Dobrzyński, Ignacy Feliks [1807-1867]</marc:subfield>
    <marc:subfield code="w">30026906</marc:subfield>
  </marc:datafield>
  <marc:datafield tag="670" ind1=" " ind2=" ">
    <marc:subfield code="a">SMP</marc:subfield>
    <marc:subfield code="b">Dobrzyński, Ignacy Feliks [1807-1867]</marc:subfield>
    <marc:subfield code="w">1935</marc:subfield>
  </marc:datafield>
  <marc:datafield tag="856" ind1=" " ind2=" ">
    <marc:subfield code="u">http://resolver.staatsbibliothek-berlin.de/SBB0000901800000000</marc:subfield>
    <marc:subfield code="y">Schriftprobe 1846 [D-B Mus.ms.autogr. Dobrzynski, I. F. 1 M / p. 1, 5]</marc:subfield>
  </marc:datafield>
  <marc:datafield tag="856" ind1=" " ind2=" ">
    <marc:subfield code="u">http://www.oxfordmusiconline.com/grovemusic/view/10.1093/gmo/9781561592630.001.0001/omo-9781561592630-e-0000007901</marc:subfield>
    <marc:subfield code="y">Samson, J. (2001, January 01). Dobrzyński, Ignacy Feliks. Grove Music Online. Ed. Retrieved 13 Feb. 2019</marc:subfield>
  </marc:datafield>
  <marc:datafield tag="856" ind1=" " ind2=" ">
    <marc:subfield code="u">https://www.mgg-online.com/mgg/stable/22242</marc:subfield>
    <marc:subfield code="y">GRZEGORZ ZIEZIULA, Art. Dobrzyński, Ignacy Feliks, in: MGG Online, zuerst veröffentlicht 2001, online veröffentlicht 2016</marc:subfield>
  </marc:datafield>
</marc:record>
